@inproceedings{chenhao-idea-relations,
  title={Friendships, Rivalries, and Trysts: Characterizing Relations between Ideas in Texts},
  author={Tan, Chenhao and Card, Dallas and Smith, Noah A.},
  booktitle={Proceedings of the 55th Annual Meeting of the Association for Computational Linguistics},
  year={2017},
  url = {https://chenhaot.com/pubs/idea_relations/idea_relations.pdf}
}

@article{econ-news-dataset,
    author    = {crowdflower},
    title     = {Economic News Article Tone},
    journal   = {data.world},
    url       = {https://data.world/crowdflower/economic-news-article-tone},
    year      = {2015}
}


@article{Blei-LDA,
	author = {Blei, David M. and Ng, Andrew Y. and Jordan, Michael I.},
	year = "2003",
	title = {Latent Dirichlet allocation},
	journal = {Journal of Machine Learning Research},
	volume = "3",
	pages = "993-1022",
}

@article{Card_2018,
   title={Neural Models for Documents with Metadata},
   url={http://dx.doi.org/10.18653/v1/P18-1189},
   DOI={10.18653/v1/p18-1189},
   journal={Proceedings of the 56th Annual Meeting of the Association for Computational Linguistics (Volume 1: Long Papers)},
   publisher={Association for Computational Linguistics},
   author={Card, Dallas and Tan, Chenhao and Smith, Noah A.},
   year={2018}
}