
% hqt added ------ 

@article{original_lda,
  title={Latent dirichlet allocation},
  author={Blei, David M and Ng, Andrew Y and Jordan, Michael I},
  journal={the Journal of machine Learning research},
  volume={3},
  pages={993--1022},
  year={2003},
  publisher={JMLR. org}
}


% structural topic model 
@inproceedings{stm_sosc,
  title={The structural topic model and applied social science},
  author={Roberts, Margaret E and Stewart, Brandon M and Tingley, Dustin and Airoldi, Edoardo M and others},
  booktitle={Advances in neural information processing systems workshop on topic models: computation, application, and evaluation},
  volume={4},
  pages={1--20},
  year={2013},
  organization={Harrahs and Harveys, Lake Tahoe}
}

@article{stm_package,
  title={Stm: An R package for structural topic models},
  author={Roberts, Margaret E and Stewart, Brandon M and Tingley, Dustin},
  journal={Journal of Statistical Software},
  volume={91},
  number={1},
  pages={1--40},
  year={2019}
}

@article{blei2007correlated,
  title={A correlated topic model of science},
  author={Blei, David M and Lafferty, John D and others},
  journal={The annals of applied statistics},
  volume={1},
  number={1},
  pages={17--35},
  year={2007},
  publisher={Institute of Mathematical Statistics}
}


@inproceedings{mimno2008topic,
  title={Topic models conditioned on arbitrary features with Dirichlet-multinomial regression.},
  author={Mimno, David M and McCallum, Andrew},
  booktitle={UAI},
  volume={24},
  pages={411--418},
  year={2008},
  organization={Citeseer}
}


@article{taddy2013multinomial,
  title={Multinomial inverse regression for text analysis},
  author={Taddy, Matt},
  journal={Journal of the American Statistical Association},
  volume={108},
  number={503},
  pages={755--770},
  year={2013},
  publisher={Taylor \& Francis}
}


